<record><leader>00000cas a2200000 a 4500</leader><controlfield tag="001">12931196</controlfield><controlfield tag="008">851218d18821882ksuwr ne      0    0eng d</controlfield><datafield ind1=" " ind2=" " tag="010"><subfield code="a">sn 85067208 </subfield></datafield><datafield ind1=" " ind2=" " tag="040"><subfield code="a">KSH</subfield><subfield code="b">eng</subfield><subfield code="c">KSH</subfield><subfield code="d">NPT</subfield><subfield code="d">OCL</subfield><subfield code="d">OCLCQ</subfield></datafield><datafield ind1=" " ind2=" " tag="042"><subfield code="a">msc</subfield></datafield><datafield ind1="0" ind2="0" tag="245"><subfield code="a">Silver Lake news and Topeka sentinel.</subfield></datafield><datafield ind1="1" ind2="3" tag="246"><subfield code="a">Silver Lake news</subfield><subfield code="f">June 9-Sept. 15, 1882</subfield></datafield><datafield ind1=" " ind2=" " tag="260"><subfield code="a">Silver Lake, Kan. :</subfield><subfield code="b">Corning &amp; Heslet,</subfield><subfield code="c">1882-</subfield></datafield><datafield ind1=" " ind2=" " tag="300"><subfield code="a">v. ;</subfield><subfield code="c">55 cm.</subfield></datafield><datafield ind1=" " ind2=" " tag="310"><subfield code="a">Weekly</subfield></datafield><datafield ind1="0" ind2=" " tag="362"><subfield code="a">Vol. 1, no. 1 (Apr. 13, 1882)-</subfield></datafield><datafield ind1="1" ind2=" " tag="362"><subfield code="a">Ceased in 1882?</subfield></datafield><datafield ind1=" " ind2=" " tag="500"><subfield code="a">"Independent and anti-monopoly."</subfield></datafield><datafield ind1=" " ind2=" " tag="752"><subfield code="a">United States</subfield><subfield code="b">Kansas</subfield><subfield code="c">Shawnee</subfield><subfield code="d">Silver Lake.</subfield></datafield><datafield ind1="1" ind2=" " tag="029"><subfield code="a">AU@</subfield><subfield code="b">000022171465</subfield></datafield></record>